<record><leader>00000cas a22000007a 4500</leader><controlfield tag="001">13201277</controlfield><controlfield tag="008">860226d19771982wvucr ne      0    0eng d</controlfield><datafield ind1=" " ind2=" " tag="010"><subfield code="a">sn 86092273 </subfield></datafield><datafield ind1=" " ind2=" " tag="040"><subfield code="a">WVC</subfield><subfield code="b">eng</subfield><subfield code="c">WVC</subfield><subfield code="d">OCL</subfield><subfield code="d">OCLCQ</subfield></datafield><datafield ind1=" " ind2=" " tag="042"><subfield code="a">msc</subfield></datafield><datafield ind1="0" ind2="4" tag="245"><subfield code="a">The Gulf times.</subfield></datafield><datafield ind1=" " ind2=" " tag="260"><subfield code="a">Sophia, W. Va. :</subfield><subfield code="b">Sally M. Susman,</subfield><subfield code="c">1977-1982.</subfield></datafield><datafield ind1=" " ind2=" " tag="300"><subfield code="a">v.</subfield></datafield><datafield ind1=" " ind2=" " tag="310"><subfield code="a">Semiweekly</subfield></datafield><datafield ind1="0" ind2=" " tag="362"><subfield code="a">Vol. 1, no. 1 (Apr. 27, 1977)-v. 6, no. 87 (Nov. 2, 1982).</subfield></datafield><datafield ind1=" " ind2=" " tag="588"><subfield code="a">Description based on: Vol. 1, no. 3 (May 4, 1977).</subfield></datafield><datafield ind1=" " ind2=" " tag="752"><subfield code="a">United States</subfield><subfield code="b">West Virginia</subfield><subfield code="c">Raleigh</subfield><subfield code="d">Sophia.</subfield></datafield><datafield ind1="0" ind2="0" tag="785"><subfield code="t">Raleigh County gulf times</subfield><subfield code="w">(DLC)sn 84008005</subfield></datafield></record>